
@article{Moltemplate,
  author={A. I. Jewett}, 
  title={Moltemplate: A Tool for Coarse-Grained Modeling of Complex Biological Matter and Soft Condensed Matter Physics},
  journal={Journal of Molecular Biology},
  volume={433},
  number={11},
  pages={166841},
  year={2021}
}

% https://nanomodeler.it/                                                                                                                                                                                                
@article{Nanomodeller,
  author = {S. Franco-Ulloa and L. Riccardi and F. Rimembrana and M. Pini and M. De Vivo},
  title = {{N}ano{M}odeler: {A} {W}ebserver for {M}olecular {S}imulations and {E}ngineering of {N}anoparticles},
  journal = {{J}ournal of {C}hemical {T}heory and {C}omputation},
  year = {2019},
  volume = {15},
  pages = {2022--2032},
  number = {3},
  doi = {10.1021/acs.jctc.8b01304},
}


@article{Heterojunction,
  author = {S. Franco-Ulloa and L. Riccardi and F. Rimembrana and M. Pini and M. De Vivo},
  title = {{N}ano{M}odeler: {A} {W}ebserver for {M}olecular {S}imulations and {E}ngineering of {N}anoparticles},
  journal = {{J}ournal of {C}hemical {T}heory and {C}omputation},
  year = {2019},
  volume = {15},
  pages = {2022--2032},
  number = {3},
  doi = {10.1021/acs.jctc.8b01304},
}

@article{INSANE,
  author = {R. A. Wassenaar and H. I. Ingolfsson and R. A. Bockmann and D. P. Tielemann and S. J. Marrink},
  title = {{C}omputational {L}ipidomics with insane: {A} {V}ersatile {T}ool for {G}enerating {C}ustom {M}embranes for {M}olecular {S}imulations},
  journal = {{J}ournal of {C}hemical {T}heory and {C}omputation},
  year = {2015},
  volume = {11},
  pages = {2144 -- 2155},
}





