sang@sang-Aspire-E5-575.222008:1634927065