@article{AlessandroDonorAcceptor,
  author={R. Alessandri and S. Sami and J. Barnoud and A. H. de Vries and S. J. Marrink
  and R. W. A. Havenith}, 
  title={{R}esolving {D}onor-{A}cceptor {I}nterfaces and {C}harge {C}arrier {E}nergy {L}evels of {O}rganic {S}emiconductors with {P}olar {S}ide {C}hains},
  journal={{A}dvanced {F}unctional {M}aterials},
  volume={17},
  number={9},
  pages={2004799},
  year={2020}
}

@article{Automated,
  author={T. D. Potter and E. L. Barrett and M. A. Miller}, 
  title={{A}utomated {C}oarse-{G}rained {M}apped {A}lgorithm for the {M}artini {F}orce {F}ield and {B}enchmarks for {M}embrane-{W}ater {P}artitioning},
  journal={Journal of {C}hemical {T}heory and {C}omputation},
  volume={17},
  number={9},
  pages={5777--5791},
  year={2021}
}


@article{Moltemplate,
  author={A. I. Jewett}, 
  title={Moltemplate: A Tool for Coarse-Grained Modeling of Complex Biological Matter and Soft Condensed Matter Physics},
  journal={Journal of Molecular Biology},
  volume={433},
  number={11},
  pages={166841},
  year={2021}
}

% https://nanomodeler.it/                                                                                                                                                                                                
@article{Nanomodeller,
  author = {S. Franco-Ulloa and L. Riccardi and F. Rimembrana and M. Pini and M. De Vivo},
  title = {{N}ano{M}odeler: {A} {W}ebserver for {M}olecular {S}imulations and {E}ngineering of {N}anoparticles},
  journal = {{J}ournal of {C}hemical {T}heory and {C}omputation},
  year = {2019},
  volume = {15},
  pages = {2022--2032},
  number = {3},
  doi = {10.1021/acs.jctc.8b01304},
}


@article{Heterojunction,
  author = {S. Franco-Ulloa and L. Riccardi and F. Rimembrana and M. Pini and M. De Vivo},
  title = {{N}ano{M}odeler: {A} {W}ebserver for {M}olecular {S}imulations and {E}ngineering of {N}anoparticles},
  journal = {{J}ournal of {C}hemical {T}heory and {C}omputation},
  year = {2019},
  volume = {15},
  pages = {2022--2032},
  number = {3},
  doi = {10.1021/acs.jctc.8b01304},
}

@article{INSANE,
  author = {R. A. Wassenaar and H. I. Ingolfsson and R. A. Bockmann and D. P. Tielemann and S. J. Marrink},
  title = {{C}omputational {L}ipidomics with insane: {A} {V}ersatile {T}ool for {G}enerating {C}ustom {M}embranes for {M}olecular {S}imulations},
  journal = {{J}ournal of {C}hemical {T}heory and {C}omputation},
  year = {2015},
  volume = {11},
  pages = {2144 -- 2155},
}

@article{SmallMolecules,
  author = {R. Alessandri and J. Barnoud and A. S. Gertsen and L. Patmanidis and A. H. de Vries and P. C. T. Souza and S. J. Marrink},
  title = {{M}artini 3 {C}oarse-{G}rained {F}orce {F}ield: {S}mall {M}olecules},
  journal = {ChemRxiv},
  year = {2021},
  volume = {},
  pages = {},
}



@article{Fullerene,
  author={L. Monticelli}, 
  title={{O}n {A}tomistic and {C}oarse-{G}rained {M}odels for C60 {F}ullerene},
  journal={Journal of {C}hemical {T}heory and {C}omputation},
  volume={8},
  number={4},
  pages={},
  year={2012}
}

@misc{Rdkit,
  title = {{RDKit}: Open-source cheminformatics},
  howpublished = {https://www.rdkit.org/},
  note = {}
}


@article{PyCGTool,
  author={J. A. Graham and J. W. Essex and S. Khalid}, 
  title={{PyCGTOOL: Automated Generation of Coarse-Grained Molecular Dynamics Models from Atomistic Trajectories}},
  journal={Journal of {C}hemical {I}nformation and {M}odeling},
  volume={57},
  number={4},
  pages={},
  year={2017}
}
